@article{ericsson_cost231,
	title={On the validation of path loss models based on field measurements using 800 MHz LTE network},
	author={Y. Alqudah and B. Sababha and A. Elnashar and Sohaib H. Sababha},
	journal={2016 Annual IEEE Systems Conference (SysCon)},
	year={2016},
	pages={1-5}
}
@article{hata,
	title={Empirical formula for propagation loss in land mobile radio services},
	author={M. Hata},
	journal={IEEE Transactions on Vehicular Technology},
	year={1980},
	volume={29},
	pages={317-325}
}
@article{lee,
	title={Analyses and optimization of Lee propagation model for LoRa 868 MHz network deployments in urban areas},
	author={D. Dobrilovic and M. Malic and D. Mali{\'c} and S. Sladojevic},
	journal={Journal of Engineering Management},
	year={2017},
	volume={7},
	pages={55-62}
}
@article{fresnelzone,
	title={Near-earth RF propagation - Path loss and variation with weather},
	author={A. Larsson and A. Piotrowski and Timothy Giles and Darryn Smart},
	journal={2013 International Conference on Radar},
	year={2013},
	pages={57-63}
}
@url{sx1276,
	Url = {https://semtech.my.salesforce.com/sfc/p/#E0000000JelG/a/2R0000001Rbr/6EfVZUorrpoKFfvaF_Fkpgp5kzjiNyiAbqcpqh9qSjE},
	Title = {SX1276 Datasheet - Semtech},
	Note={Accessed 2021-04-26}
}
@url{sx1257,
	Url = {https://semtech.my.salesforce.com/sfc/p/#E0000000JelG/a/44000000MDmO/OfVC_rbxi4JjkT4hLzU1kq4gOXb4POLNRprWlqxRIZs},
	Title = {SX1257 Datasheet - Semtech},
	Note={Accessed 2021-04-26}
}
@url{srtm_orig,
	Url = {https://dds.cr.usgs.gov/srtm/version2_1/SRTM3/Eurasia/},
	Title = {USGS SRTM download (currently unavailable 2021-04-26)},
	Note={Accessed 2020-09-14}
}
@url{srtm_earthdata,
	Url = {https://search.earthdata.nasa.gov/search?fi=SRTM&as[instrument][0]=SRTM},
	Title = {NASA Earthdata SRTM download (requires sign in)},
	Note={Accessed 2021-04-26}
}